%conferences
@string{ecoop97="ECOOP'97 - Object-Oriented Programming"}
@string{ecoop98="ECOOP'98 - Object-Oriented Programming"}
@string{ecoop03="ECOOP'03 - Object-Oriented Programming"}
@string{ecoop07="ECOOP'07 - Object-Oriented Programming"}
@string{ecoop10="ECOOP'10 - Object-Oriented Programming"}
@string{ecoop13="ECOOP'13 - Object-Oriented Programming"}
@string{ecoop16="ECOOP'16 - Object-Oriented Programming"}
@string{esop01="ESOP'01 - European Symposium on Programming"}
@string{esop05="ESOP'05 - European Symposium on Programming"}
@string{ftfjp05="FTfJP'05 - Formal Techniques for Java-like Programs"}
@string{ftfjp13="FTfJP'13- Formal Techniques for Java-like Programs"}
@string{ictcs15="ICTCS'15 - Italian Conf. on Theoretical Computer Science"}
@string{ictcs16="ICTCS'16 - Italian Conf. on Theoretical Computer Science"}
@string{icfp14="Intl. Conf. on Functional Programming 2014"}
@string{lics02="Proc. IEEE Symp. on Logic in Computer Science 2002"}
@string{oops17="OOPS'17 - Object-Oriented Programming Languages and Systems,
                Track at SAC'17 - ACM Symp. on Applied Computing"}
@string{oopsla91="ACM Symp. on Object-Oriented Programming: Systems, Languages and Applications 1991"}
@string{oopsla98="ACM Symp. on Object-Oriented Programming: Systems, Languages and Applications 1998"}
@string{oopsla04="ACM SIGPLAN Conference on Object-Oriented Programming, Systems, Languages and Applications (OOPSLA 2004)"}
@string{oopsla05="ACM SIGPLAN Conference on Object-Oriented Programming, Systems, Languages and Applications (OOPSLA 2005)"}
@string{oopsla07="ACM SIGPLAN Conference on Object-Oriented Programming, Systems, Languages and Applications (OOPSLA 2007)"}
@string{oopsla09="ACM SIGPLAN Conference on Object-Oriented Programming,Systems, Languages and Applications (OOPSLA 2009)"}
@string{oopsla10="ACM SIGPLAN Conference on Object-Oriented Programming,Systems, Languages and Applications (OOPSLA 2010)"}
@string{oopsla11="ACM SIGPLAN Conference on Object-Oriented Programming,Systems, Languages and Applications (OOPSLA 2011)"}
@string{oopsla12="ACM SIGPLAN Conference on Object-Oriented Programming, Systems, Languages and Applications (OOPSLA 2012)"}
@string{pepm13 = "PEPM'13 - Partial Evaluation and Program Manipulation"}
@string{popl12="ACM Symp. on Principles of Programming Languages 2012"}

%journals
@string{entcs="Electronic Notes in Theoretical Computer Science"}
@string{jfp="Journ. of Functional Programming"}
@string{jot="Journal of Object Technology"}
@string{tcs="Theoretical Computer Science"}
@string{toplas="ACM Transactions on Programming Languages and Systems"}
@string{sigplan="SIGPLAN Notices"}

%publishers
@string{acm="ACM Press"}
@string{cup="Cambridge University Press"}
@string{ieee="IEEE Computer Society"}
@string{mit="The MIT Press"}
@string{sv="Springer"}

%series
@string{lncs="Lecture Notes in Computer Science"}

@book{Meyer:1992:EL:129093,
 author = {Meyer, Bertrand},
 title = {Eiffel: The Language},
 year = {1992},
 isbn = {0-13-247925-7},
 publisher = {Prentice-Hall, Inc.},
 address = {Upper Saddle River, NJ, USA},
} 

@book{Alexandrescu:2010:DPL:1875434,
 author = {Alexandrescu, Andrei},
 title = {The D Programming Language},
 year = {2010},
 isbn = {0321635361, 9780321635365},
 edition = {1st},
 publisher = {Addison-Wesley Professional},
}

@inproceedings{Barnett:2004:SPS:2131546.2131549,
 author = {Barnett, Mike and Leino, K. Rustan M. and Schulte, Wolfram},
 title = {{T}he {S}pec\# {P}rogramming {S}ystem: {A}n {O}verview},
 booktitle = {Proceedings of the 2004 International Conference on Construction and Analysis of Safe, Secure, and Interoperable Smart Devices},
 series = {CASSIS'04},
 year = {2005},
 isbn = {3-540-24287-2, 978-3-540-24287-1},
 location = {Marseille, France},
 pages = {49--69},
 numpages = {21},
 url = {http://dx.doi.org/10.1007/978-3-540-30569-9_3},
 doi = {10.1007/978-3-540-30569-9_3},
 acmid = {2131549},
 publisher = {Springer-Verlag},
 address = {Berlin, Heidelberg},
} 

@inproceedings{AhrendtEtAl09,
  author    = {Wolfgang Ahrendt and
               Frank S. de Boer and
               Immo Grabe},
  title     = {Abstract Object Creation in Dynamic Logic},
  booktitle = {{FM} 2009: Formal Methods},
  year      = {2009},
  pages     = {612--627},
}

@inproceedings{Almeida97,
  author    = {Paulo S{\'{e}}rgio Almeida},
title     = {Balloon Types: Controlling Sharing of State in Data Types},
  booktitle = ecoop97,
  series = lncs,
   volume    = {1241},
 pages     = {32--59},
  year      = {1997},
  publisher =	 sv,
}

@Article{AriolaBlom02,
  title =	"Skew confluence and the lambda calculus with letrec",
  author =	"Z. M. Ariola and Stefan Blom",
  journal =	"Ann. Pure Appl. Logic",
  year = 	"2002",
  number =	"1-3",
  volume =	"117",
   pages =	"95--168",
}

@Article{AriolaFelleisen97,
author = "Zena M. Ariola and Matthias Felleisen",
title = "The Call-by-Need Lambda Calculus",
journal = jfp,
volume = 7,
number = 3,
pages = "265--301",
year = 1997,
}

@InProceedings{BirkaErnst04,
  Author =   {Adrian Birka and Michael D. Ernst},
  Booktitle =  oopsla04,
   Pages =  {35--49},
  Title =  {A practical type system and language for reference
                  immutability},
  Year =   2004
}

@book{Bloch08,
 author = {Bloch, Joshua},
 title = {Effective {J}ava (2Nd Edition) (The Java Series)},
 year = {2008},
 edition = {2},
 publisher = {Prentice Hall PTR},
} 

@inproceedings{BocchinoEtAl09,
  author    = {Robert L. Bocchino Jr. and
               Vikram S. Adve and
               Danny Dig and
               Sarita V. Adve and
               Stephen Heumann and
               Rakesh Komuravelli and
               Jeffrey Overbey and
               Patrick Simmons and
               Hyojin Sung and
               Mohsen Vakilian},
  title     = {A type and effect system for deterministic parallel Java},
  booktitle = oopsla09,
    pages     = {97--116},
  year      = {2009},
 editor    = {Shail Arora and
               Gary T. Leavens},
     publisher = acm,
}

@article{Boyland01,
  author =      {John Boyland},
 title = {Alias Burying: Unique Variables Without Destructive Reads},
 journal = {Softw. Pract. Exper.},
 volume = {31},
 number = {6},
 month = may,
 year = {2001},
 pages = {533--553},
} 

@article{Boyland06,
  author    = {John Boyland},
  title     = {Why we should not add readonly to {J}ava (yet)},
  journal   = jot,
  volume    = {5},
  number    = {5},
  year      = {2006},
  pages     = {5-29},
 }

@article{Boyland10,
  author =      {John Boyland},
  title =       {Semantics of Fractional Permissions with Nesting},
  journal = toplas,
  volume = 32,
  number = 6,
  year = 2010
}


@article{CapriccioliEtAl15,
author = {Andrea Capriccioli and Marco Servetto and Elena Zucca},
title = {An imperative pure calculus},
  journal   = entcs,
  volume    = {322},
  pages     = {87--102},
  year      = {2016},
  booktitle=ictcs15,
}

@inproceedings{CastegrenWrigstad16,
  author    = {Elias Castegren and
               Tobias Wrigstad},
  title     = {Reference Capabilities for Concurrency Control},
  booktitle = ecoop16,
  pages     = {5:1--5:26},
  year      = {2016},
  editor    = {Shriram Krishnamurthi and
               Benjamin S. Lerner},
  series    = {LIPIcs},
  volume    = {56},
  publisher = {Schloss Dagstuhl - Leibniz-Zentrum fuer Informatik},
}

@InProceedings{ClarkeWrigstad03,
   Author =   {David Clarke and Tobias Wrigstad},
  Booktitle =  ecoop03,
  Pages =  {176--200},
  Publisher =  sv,
  Series =   lncs,
  Title =  {External Uniqueness is Unique Enough},
  Volume =   2473,
  Year =   2003,
}

@inproceedings{ClarkeEtAl98,
  author    = {David G. Clarke and
               John Potter and
               James Noble},
  title     = {Ownership Types for Flexible Alias Protection},
  booktitle = oopsla98,
   publisher = acm,
  year      = {1998},
  pages     = {48--64},
}

@incollection{ClarkeEtAl13,
  author    = {Dave Clarke and
               Johan {\"{O}}stlund and
               Ilya Sergey and
               Tobias Wrigstad},
  title     = {Ownership Types: {A} Survey},
  booktitle = {Aliasing in Object-Oriented Programming. Types, Analysis and Verification},
  pages     = {15--58},
  year      = {2013},
    editor    = {Dave Clarke and
               James Noble and
               Tobias Wrigstad},
  series    = lncs,
  volume    = {7850},
  publisher = sv,
}

@inproceedings{ClebschEtAl15,
  author    = {Sylvan Clebsch and
               Sophia Drossopoulou and
               Sebastian Blessing and
               Andy McNeil},
   editor    = {Elisa Gonzalez Boix and
               Philipp Haller and
               Alessandro Ricci and
               Carlos Varela},
title     = {Deny capabilities for safe, fast actors},
  booktitle = {International Workshop on Programming Based
               on Actors, Agents, and Decentralized Control, AGERE! 2015},
  pages     = {1--12},
  year      = {2015},
  publisher = acm,
}

@inproceedings{ClementsEtAl01,
  author    = {John Clements and
               Matthew Flatt and
               Matthias Felleisen},
  title     = {Modeling an Algebraic Stepper},
  booktitle = esop01,
  year      = {2001},
  pages     = {320--334},
}

@InProceedings{DietlEtAl07,
Author =   {Werner Dietl and Sophia Drossopoulou and Peter M{\"u}ller},
  Booktitle =  ecoop07,
  series = lncs,
  Publisher =  sv,
  Title =  {Generic Universe Types},
  Year =   2007,
    volume    = {4609},
pages     = {28-53},
}

@article{FelleisenFriedman89,
  author    = {Matthias Felleisen and
               Daniel P. Friedman},
  title     = {A Syntactic Theory of Sequential State},
  journal   = tcs,
  volume    = {69},
  number    = {3},
  year      = {1989},
  pages     = {243--287},
}

@article{FelleisenHieb92,
  author    = {Matthias Felleisen and
               Robert Hieb},
  title     = {The Revised Report on the Syntactic Theories of Sequential
               Control and State},
  journal   = tcs,
  volume    = {103},
  number    = {2},
  year      = {1992},
  pages     = {235--271},
}

@book{FelleisenEtAl09,
  author    = {Matthias Felleisen and
               Robert Bruce Findler and
               Matthew Flatt},
  title     = {Semantics Engineering with {PLT} Redex},
  publisher = mit,
  year      = {2009},
}

@inproceedings{GianniniEtAl16,
  author    = {Paola Giannini and
               Marco Servetto and
               Elena Zucca},
  title     = {Types for Immutability and Aliasing Control},
  booktitle = ictcs16,
  pages     = {62--74},
    series    = {{CEUR} Workshop Proceedings},
  volume    = {1720},
  publisher = {CEUR-WS.org},
    url       = {http://ceur-ws.org/Vol-1720/full5.pdf},
    year = 2016,
}

@inproceedings{GianniniEtAl17,
  author    = {Paola Giannini and
               Marco Servetto and
               Elena Zucca},
  title     = {A type and effect system for sharing},
  booktitle = oops17,
    year = 2017,
    note = {To appear}}

@inproceedings{GordonEtAl12,
  author    = {Colin S. Gordon and
               Matthew J. Parkinson and
               Jared Parsons and
               Aleks Bromfield and
               Joe Duffy},
 title     = {Uniqueness and reference immutability for safe parallelism},
 booktitle = oopsla12,
 year = {2012},
 pages = {21--40},
 publisher = acm,
 } 

@inproceedings{HallerOdersky10,
  title={Capabilities for uniqueness and borrowing},
  author    = {Philipp Haller and
               Martin Odersky},
  booktitle=ecoop10,
  pages={354--378},
  year={2010},
   publisher = sv,
  editor    = {Theo D'Hondt},
  series    = lncs,
  volume    = {6183},
}

@inproceedings{Hogg91,
 author = {John Hogg},
 title = {Islands: Aliasing Protection in Object-oriented Languages},
 booktitle = oopsla91,
 year = {1991},
  pages = {271--285},
 publisher = acm,
} 

@Article{IgarashiEtAl01,
 author = {Atsushi Igarashi and Benjamin C. Pierce and Philip Wadler},
 title = {Featherweight {J}ava: a minimal core calculus for {J}ava and {GJ}},
 journal = toplas,
  publisher = acm,
volume = {23},
 number = {3},
 year = {2001},
 pages = {396--450},
 }

@inproceedings{JeffreyRathke05,
  author    = {Alan Jeffrey and
               Julian Rathke},
  title     = {{J}ava {J}r: Fully Abstract Trace Semantics for a Core {J}ava
               Language},
year = {2005},
  booktitle = esop05,
  pages     = {423--438},
 }

@inproceedings{LiEtAl11,
 author = {Li, Paley and Cameron, Nicholas and Noble, James},
 title = {Cloning in Ownership},
 booktitle = oopsla11,
 year = {2011},
 pages = {63--66},
 publisher = acm,
} 

@book{Milner99,
  author    = {Robin Milner},
  title     = {Communicating and mobile systems - the Pi-calculus},
  publisher = cup,
  year      = {1999},
}

@inproceedings{MullerRudich07,
  title={Ownership transfer in universe types},
 author    = {Peter M{\"{u}}ller and
               Arsenii Rudich},
  booktitle=oopsla07,
   pages={461--478},
  year={2007},
  publisher = acm,
  editor    = {Richard P. Gabriel and
               David F. Bacon and
               Cristina Videira Lopes and
               Guy L. Steele Jr.},
}

@inproceedings{NadenEtAl12,
  author    = {Karl Naden and
               Robert Bocchino and
               Jonathan Aldrich and
               Kevin Bierhoff},
 title     = {A type system for borrowing permissions},
 booktitle = popl12,
 year = {2012},
  pages = {557--570},
 publisher = acm,
} 

@inproceedings{NobleEtAl98,
 author = {James Noble and
               Jan Vitek and
               John Potter},
 title = {Flexible Alias Protection},
 booktitle = ecoop98,
 year = {1998},
 pages = {158--185},
 publisher = sv,
  editor    = {Eric Jul},
  series    = lncs,
  volume    = {1445},
 } 
 
@inproceedings{OstlundEtAl08,
  title={Ownership, uniqueness, and immutability},
  author={Johan {\"{O}}stlund and
               Tobias Wrigstad and
               Dave Clarke and
               Beatrice {\AA}kerblom},
  booktitle={International Conference on Objects, Components, Models and Patterns},
  pages={178--197},
  year={2008},
 editor    = {Richard F. Paige and
               Bertrand Meyer},
   series    = lncs,
  volume    = {11},
  publisher = sv,
 }

@inproceedings{PetricekEtAl14,
  author    = {Tomas Petricek and
               Dominic A. Orchard and
               Alan Mycroft},
  title     = {Coeffects: a calculus of context-dependent computation},
  booktitle = icfp14,
  pages     = {123--135},
  year      = {2014},
   editor    = {Johan Jeuring and
               Manuel M. T. Chakravarty},
  publisher = acm,
 }

@inproceedings{Reynolds02,
  author    = {John C. Reynolds},
  title     = {Separation Logic: {A} Logic for Shared Mutable Data Structures},
  booktitle = lics02,
  pages     = {55--74},
  year      = {2002},
  publisher = ieee,
 }

@inproceedings{ServettoLindsay13,
  title = {True small-step reduction for imperative object-oriented languages},
  author = {Marco Servetto and Lindsay Groves},
  year = {2013},
  booktitle = ftfjp13,
  pages     = {1:1--1:7},
  editor    = {Werner Dietl},
   publisher = acm,
}

@inproceedings{ServettoZucca15,
  author    = {Marco Servetto and
               Elena Zucca},
  title     = {Aliasing Control in an Imperative Pure Calculus},
  booktitle = {Programming Languages and Systems - 13th Asian Symposium (APLAS)},
  pages     = {208--228},
   editor    = {Xinyu Feng and
               Sungwoo Park},
  series    = lncs,
  volume    = {9458},
  publisher = sv,
  year      = {2015},
}

@inproceedings{ServettoEtAl13,
  author    = {Marco Servetto and
               Julian Mackay and
               Alex Potanin and
               James Noble},
  title     = {The Billion-Dollar Fix - Safe Modular Circular Initialisation
               with Placeholders and Placeholder Types},
booktitle = ecoop13,
  year      = {2013},
  pages     = {205--229},
  publisher = sv,
  series    = lncs,
  volume    = {7920},
 }

@inproceedings{ServettoEtAl13a,
author  = {Marco Servetto and David J. Pearce and Lindsay Groves and Alex Potanin},
title  =  {Balloon Types for Safe Parallelisation over Arbitrary Object Graphs},
Year  = {2013},
booktitle = {WODET 2014 - Workshop on Determinism and Correctness in Parallel Programming},
}

@inproceedings{TschantzErnst05,
   author = {Matthew S. Tschantz and Michael D. Ernst},
   title = {Javari: Adding reference immutability to {J}ava},
   booktitle = oopsla05,
   pages = {211--230},
    year = {2005},
     publisher = acm,
}

@inproceedings{ZibinEtAl10,
   author = {Yoav Zibin and Alex Potanin and Paley Li and Mahmood Ali and
	Michael D. Ernst},
   title = {Ownership and immutability in generic {J}ava},
   booktitle = oopsla10,
   pages = {598--617},
   year = {2010},
   
}

@article{JOT:issue_2011_01/article1,
  author = {Giovanni Lagorio and Marco Servetto},
  title = {Strong exception-safety for checked and unchecked exceptions},
  journal = {Journal of Object Technology},
  volume = {10},
  issn = {1660-1769},
  year = {2011},
  pages = {1:1-20},
  doi = {10.5381/jot.2011.10.1.a1},
  url = {http://www.jot.fm/contents/issue_2011_01/article1.html}
}

@Inbook{Abrahams2000,
author="Abrahams, David",
editor="Jazayeri, Mehdi
and Loos, R{\"u}diger G. K.
and Musser, David R.",
title="Exception-Safety in Generic Components",
bookTitle="Generic Programming: International Seminar on Generic Programming Dagstuhl Castle, Germany, April 27--May 1, 1998 Selected Papers",
year="2000",
publisher="Springer Berlin Heidelberg",
address="Berlin, Heidelberg",
pages="69--79",
abstract="This paper represents the knowledge accumulated in response to a real-world need: that the C++ Standard Template Library exhibit useful and well-defined interactions with exceptions, the error-handling mechanism built-in to the core C++ language. It explores the meaning of exception-safety, reveals surprising myths about exceptions and genericity, describes valuable tools for reasoning about program correctness, and outlines an automated testing procedure for verifying exception-safety.",
isbn="978-3-540-39953-7",
doi="10.1007/3-540-39953-4_6",
url="https://doi.org/10.1007/3-540-39953-4_6"
}

@incollection{Gopinathan:2008:RMO:1483018.1483028,
 author = {Gopinathan, Madhu and Rajamani, Sriram K.},
 chapter = {Runtime Monitoring of Object Invariants with Guarantee},
 title = {Runtime Verification},
 editor = {Leucker, Martin},
 year = {2008},
 isbn = {978-3-540-89246-5},
 pages = {158--172},
 numpages = {15},
 url = {http://dx.doi.org/10.1007/978-3-540-89247-2_10},
 doi = {10.1007/978-3-540-89247-2_10},
 acmid = {1483028},
 publisher = {Springer-Verlag},
 address = {Berlin, Heidelberg},
} 

@Inbook{Potanin2013,
author="Potanin, Alex
and {\"O}stlund, Johan
and Zibin, Yoav
and Ernst, Michael D.",
editor="Clarke, Dave
and Noble, James
and Wrigstad, Tobias",
title="Immutability",
bookTitle="Aliasing in Object-Oriented Programming. Types, Analysis and Verification",
year="2013",
publisher="Springer Berlin Heidelberg",
address="Berlin, Heidelberg",
pages="233--269",
abstract="One of the main reasons aliasing has to be controlled, as highlighted in another chapter [1] of this book [2], is the possibility that a variable can unexpectedly change its value without the referrer's knowledge. This book will not be complete without a discussion of the impact of immutability on reference-abundant imperative object-oriented languages. In this chapter we briefly survey possible definitions of immutability and present recent work by the authors on adding immutability to object-oriented languages and how it impacts aliasing.",
isbn="978-3-642-36946-9",
doi="10.1007/978-3-642-36946-9_9",
url="https://doi.org/10.1007/978-3-642-36946-9_9"
}

@inproceedings{matsakis2014rust,
  title={The rust language},
  author={Matsakis, Nicholas D and Klock II, Felix S},
  booktitle={ACM SIGAda Ada Letters},
  volume={34},
  number={3},
  pages={103--104},
  year={2014},
  organization={ACM}
}

@inproceedings{finifter2008verifiable,
  title={Verifiable functional purity in java},
  author={Finifter, Matthew and Mettler, Adrian and Sastry, Naveen and Wagner, David},
  booktitle={Proceedings of the 15th ACM conference on Computer and communications security},
  pages={161--174},
  year={2008},
  organization={ACM}
}
@inproceedings{nelson2012profiling,
  title={Profiling field initialisation in Java},
  author={Nelson, Stephen and Pearce, David J and Noble, James},
  booktitle={International Conference on Runtime Verification},
  pages={292--307},
  year={2012},
  organization={Springer}
}


@inproceedings{pitman1980special,
  title={Special forms in {Lisp}},
  author={Pitman, Kent M},
  booktitle={Proceedings of the 1980 ACM conference on {LISP} and functional programming},
  pages={179--187},
  year={1980},
  organization={ACM}
}

@article{burdy2005overview,
  title={An overview of {JML} tools and applications},
  author={Burdy, Lilian and Cheon, Yoonsik and Cok, David R and Ernst, Michael D and Kiniry, Joseph R and Leavens, Gary T and Leino, K Rustan M and Poll, Erik},
  journal={International journal on software tools for technology transfer},
  volume={7},
  number={3},
  pages={212--232},
  year={2005},
  publisher={Springer}
}

@inproceedings{barnett2004spec,
  title={The {S}pec\# programming system: An overview},
  author={Barnett, Mike and Leino, K Rustan M and Schulte, Wolfram},
  booktitle={International Workshop on Construction and Analysis of Safe, Secure, and Interoperable Smart Devices},
  pages={49--69},
  year={2004},
  organization={Springer}
}

@inproceedings{muller2016viper,
  title={Viper: A verification infrastructure for permission-based reasoning},
  author={M{\"u}ller, Peter and Schwerhoff, Malte and Summers, Alexander J},
  booktitle={International Conference on Verification, Model Checking, and Abstract Interpretation},
  pages={41--62},
  year={2016},
  organization={Springer}
}

@inproceedings{sheard2002template,
  title={Template meta-programming for {Haskell}},
  author={Sheard, Tim and Jones, Simon Peyton},
  booktitle={Proceedings of the 2002 ACM SIGPLAN workshop on {Haskell}},
  series = {Haskell '02},
  pages={1--16},
  doi = {10.1145/581690.581691},
  year={2002},
  organization={ACM}
}

@inproceedings{moggi1999idealized,
  title={An idealized {MetaML}: Simpler, and more expressive},
  author={Moggi, Eugenio and Taha, Walid and El-Abidine Benaissa, Z and Sheard, Tim},
  booktitle={ESOP},
  volume={1576},
  pages={193--207},
  year={1999},
  organization={Springer}
}

@article{servetto2014meta,
  title={A meta-circular language for active libraries},
  author={Servetto, Marco and Zucca, Elena},
  journal={Science of Computer Programming},
  volume={95},
  pages={219--253},
  year={2014},
  publisher={Elsevier}
}

@article{hoare2003verifying,
  title={The verifying compiler: A grand challenge for computing research},
  author={Hoare, Tony},
  journal={Journal of the ACM (JACM)},
  volume={50},
  number={1},
  pages={63--69},
  year={2003},
  publisher={ACM}
}

@inproceedings{scharli2003traits,
  title={Traits: Composable units of behaviour},
  author={Sch{\"a}rli, Nathanael and Ducasse, St{\'e}phane and Nierstrasz, Oscar and Black, Andrew P},
  booktitle={ECOOP},
  volume={3},
  pages={248--274},
  year={2003},
  organization={Springer}
}


@inproceedings{huang2008expressive,
  title={Expressive and safe static reflection with {MorphJ}},
  author={Huang, Shan Shan and Smaragdakis, Yannis},
  booktitle={ACM SIGPLAN Notices},
  volume={43},
  number={6},
  pages={79--89},
  year={2008},
  organization={ACM}
}

@inproceedings{chlipala2010ur,
  title={Ur: statically-typed metaprogramming with type-level record computation},
  author={Chlipala, Adam},
  booktitle={ACM Sigplan Notices},
  volume={45},
  number={6},
  pages={122--133},
  year={2010},
  organization={ACM}
}

@inproceedings{smaragdakis2015structured,
  title={Structured Program Generation Techniques},
  author={Smaragdakis, Yannis and Biboudis, Aggelos and Fourtounis, George},
  booktitle={International Summer School on Generative and Transformational Techniques in Software Engineering},
  pages={154--178},
  year={2015},
  organization={Springer}
}

@inproceedings{ernst2001family,
  title={Family polymorphism},
  author={Ernst, Erik},
  booktitle={ECOOP},
  volume={1},
  pages={303--326},
  year={2001},
  organization={Springer}
}

@article{igarashi2001featherweight,
  title={Featherweight Java: a minimal core calculus for Java and GJ},
  author={Igarashi, Atsushi and Pierce, Benjamin C and Wadler, Philip},
  journal={ACM Transactions on Programming Languages and Systems (TOPLAS)},
  volume={23},
  number={3},
  pages={396--450},
  year={2001},
  publisher={ACM}
}

@inproceedings{smaragdakis2000mixin,
  title={Mixin-based programming in C++},
  author={Smaragdakis, Yannis and Batory, Don},
  booktitle={International Symposium on Generative and Component-Based Software Engineering},
  pages={164--178},
  year={2000},
  organization={Springer}
}

@inproceedings{clifton2000multijava,
  title={MultiJava: Modular open classes and symmetric multiple dispatch for Java},
  author={Clifton, Curtis and Leavens, Gary T and Chambers, Craig and Millstein, Todd},
  booktitle={ACM Sigplan Notices},
  volume={35},
  number={10},
  pages={130--145},
  year={2000},
  organization={ACM}
}

@inproceedings{reppy2007metaprogramming,
  title={Metaprogramming with traits},
  author={Reppy, John and Turon, Aaron},
  booktitle={ECOOP},
  pages={373--398},
  year={2007},
  organization={Springer}
}

@article{liquori2008feathertrait,
  title={FeatherTrait: A modest extension of Featherweight Java},
  author={Liquori, Luigi and Spiwack, Arnaud},
  journal={ACM Transactions on Programming Languages and Systems (TOPLAS)},
  volume={30},
  number={2},
  pages={11},
  year={2008},
  publisher={ACM}
}

@inproceedings{jml,
    author="Jacobs, Bart
        and Poll, Erik",
    editor="Hussmann, Heinrich",
    title="{A Logic for the Java Modeling Language JML}",
    booktitle="Fundamental Approaches to Software Engineering",
    year="2001",
    publisher="Springer Berlin Heidelberg",
    address="Berlin, Heidelberg",
    pages="284--299",
    isbn="978-3-540-45314-7"
}

@inproceedings{Zee:2009:IPL:1542476.1542514,
 author = {Zee, Karen and Kuncak, Viktor and Rinard, Martin C.},
 title = {An Integrated Proof Language for Imperative Programs},
 booktitle = {Proceedings of the 30th ACM SIGPLAN Conference on Programming Language Design and Implementation},
 series = {PLDI '09},
 year = {2009},
 isbn = {978-1-60558-392-1},
 location = {Dublin, Ireland},
 pages = {338--351},
 numpages = {14},
 url = {http://doi.acm.org/10.1145/1542476.1542514},
 doi = {10.1145/1542476.1542514},
 acmid = {1542514},
 publisher = {ACM},
 address = {New York, NY, USA},
 keywords = {proof system, theorem prover, verification},
} 

@inproceedings{Strickland:2012:CIR:2384616.2384685,
 author = {Strickland, T. Stephen and Tobin-Hochstadt, Sam and Findler, Robert Bruce and Flatt, Matthew},
 title = {Chaperones and Impersonators: Run-time Support for Reasonable Interposition},
 booktitle = {Proceedings of the ACM International Conference on Object Oriented Programming Systems Languages and Applications},
 series = {OOPSLA '12},
 year = {2012},
 isbn = {978-1-4503-1561-6},
 location = {Tucson, Arizona, USA},
 pages = {943--962},
 numpages = {20},
 url = {http://doi.acm.org/10.1145/2384616.2384685},
 doi = {10.1145/2384616.2384685},
 acmid = {2384685},
 publisher = {ACM},
 address = {New York, NY, USA},
 keywords = {contracts, intercession, interposition, proxies},
} 


@book{Meyer:1988:OSC:534929,
        author = {Meyer, Bertrand},
        title = {Object-Oriented Software Construction},
        year = {1988},
        isbn = {0136290493},
        edition = {1st},
        publisher = {Prentice-Hall, Inc.},
        address = {Upper Saddle River, NJ, USA},
}

@inproceedings{DBLP:conf/fmco/BarnettCDJL05,
        author    = {Michael Barnett and
        Bor{-}Yuh Evan Chang and
        Robert DeLine and
        Bart Jacobs and
        K. Rustan M. Leino},
        title     = {Boogie: {A} Modular Reusable Verifier for Object-Oriented Programs},
        booktitle = {Formal Methods for Components and Objects, 4th International Symposium,
        {FMCO} 2005, Amsterdam, The Netherlands, November 1-4, 2005, Revised
        Lectures},
        pages     = {364--387},
        year      = {2005},
        doi       = {10.1007/11804192\_17}
}
@inproceedings{DBLP:conf/sigada/Leino12,
        author    = {K. Rustan M. Leino},
        title     = {Developing verified programs with Dafny},
        booktitle = {Proceedings of the 2012 {ACM} Conference on High Integrity Language
        Technology, {HILT} '12, December 2-6, 2012, Boston, Massachusetts,
        {USA}},
        pages     = {9--10},
        year      = {2012},
        doi       = {10.1145/2402676.2402682}
        }

@article{O'Donnell:1982:CFH:358728.358748,
 author = {O'Donnell, Michael J.},
 title = {A Critique of the Foundations of Hoare Style Programming Logics},
 journal = {Commun. ACM},
 issue_date = {Dec 1982},
 volume = {25},
 number = {12},
 month = dec,
 year = {1982},
 issn = {0001-0782},
 pages = {927--935},
 numpages = {9},
 url = {http://doi.acm.org/10.1145/358728.358748},
 doi = {10.1145/358728.358748},
 acmid = {358748},
 publisher = {ACM},
 address = {New York, NY, USA},
 keywords = {Goto, defined functions, logic, partial correctness, proofs, soundness},
} 

@inproceedings{Ahmadi:2015:AVD:2786536.2786542,
 author = {Ahmadi, Reza and Leino, K. Rustan M. and Nummenmaa, Jyrki},
 title = {Automatic Verification of Dafny Programs with Traits},
 booktitle = {Proceedings of the 17th Workshop on Formal Techniques for Java-like Programs},
 series = {FTfJP '15},
 year = {2015},
 isbn = {978-1-4503-3656-7},
 location = {Prague, Czech Republic},
 pages = {4:1--4:5},
 articleno = {4},
 numpages = {5},
 url = {http://doi.acm.org/10.1145/2786536.2786542},
 doi = {10.1145/2786536.2786542},
 acmid = {2786542},
 publisher = {ACM},
 address = {New York, NY, USA},
 keywords = {Dafny, boogie, program verification, traits},
} 

@article{Liskov:1994:BNS:197320.197383,
 author = {Liskov, Barbara H. and Wing, Jeannette M.},
 title = {A Behavioral Notion of Subtyping},
 journal = {ACM Trans. Program. Lang. Syst.},
 issue_date = {Nov. 1994},
 volume = {16},
 number = {6},
 month = nov,
 year = {1994},
 issn = {0164-0925},
 pages = {1811--1841},
 numpages = {31},
 url = {http://doi.acm.org/10.1145/197320.197383},
 doi = {10.1145/197320.197383},
 acmid = {197383},
 publisher = {ACM},
 address = {New York, NY, USA},
 keywords = {Larch, formal specifications, subtyping},
} 

@article{useReuse,
author = {Arora, Hrshikesh and Servetto, Marco and Oliveira, Bruno C. d. S.},
year = {2019},
title = {Separating Use and Reuse to Improve Both (forthcoming)},
journal = {The Art, Science, and Engineering of Programming},
}



@inproceedings{LagorioSZ09,
  author    = {Giovanni Lagorio and
               Marco Servetto and
               Elena Zucca},
  title     = {Featherweight Jigsaw: {A} Minimal Core Calculus for Modular Composition
               of Classes},
  booktitle = {{ECOOP} 2009 - Object-Oriented Programming, 23rd European Conference,
               Genoa, Italy, July 6-10, 2009. Proceedings},
  pages     = {244--268},
  year      = {2009},
  doi       = {10.1007/978-3-642-03013-0\_12},
  editor    = {Sophia Drossopoulou},
  series    = {Lecture Notes in Computer Science},
  volume    = {5653},
  publisher = {Springer},
}



@inproceedings{Servetto:2010:MMC:1869459.1869498,
 author = {Servetto, Marco and Zucca, Elena},
 title = {MetaFJig: A Meta-circular Composition Language for Java-like Classes},
 booktitle = {Proceedings of the ACM International Conference on Object Oriented Programming Systems Languages and Applications},
 series = {OOPSLA '10},
 year = {2010},
 isbn = {978-1-4503-0203-6},
 location = {Reno/Tahoe, Nevada, USA},
 pages = {464--483},
 numpages = {20},
 url = {http://doi.acm.org/10.1145/1869459.1869498},
 doi = {10.1145/1869459.1869498},
 acmid = {1869498},
 publisher = {ACM},
 address = {New York, NY, USA},
 keywords = {java, meta-programming},
} 


@misc{l42,
  title = {{42 - The definitive answer to design, code and everything}},
  howpublished = "\url{http://l42.is/}",
}

@inproceedings{Xu:2009:SCC:1480881.1480889,
 author = {Xu, Dana N. and Peyton Jones, Simon and Claessen, Koen},
 title = {Static Contract Checking for Haskell},
 booktitle = {Proceedings of the 36th Annual ACM SIGPLAN-SIGACT Symposium on Principles of Programming Languages},
 series = {POPL '09},
 year = {2009},
 isbn = {978-1-60558-379-2},
 location = {Savannah, GA, USA},
 pages = {41--52},
 numpages = {12},
 url = {http://doi.acm.org/10.1145/1480881.1480889},
 doi = {10.1145/1480881.1480889},
 acmid = {1480889},
 publisher = {ACM},
 address = {New York, NY, USA},
 keywords = {contract satisfaction, static contract checking},
} 


@inproceedings{Damiani:2011:VTP:2076674.2076682,
 author = {Damiani, Ferruccio and Dovland, Johan and Johnsen, Einar Broch and Schaefer, Ina},
 title = {Verifying Traits: A Proof System for Fine-grained Reuse},
 booktitle = {Proceedings of the 13th Workshop on Formal Techniques for Java-Like Programs},
 series = {FTfJP '11},
 year = {2011},
 isbn = {978-1-4503-0893-9},
 location = {Lancaster, United Kingdom},
 pages = {8:1--8:6},
 articleno = {8},
 numpages = {6},
 url = {http://doi.acm.org/10.1145/2076674.2076682},
 doi = {10.1145/2076674.2076682},
 acmid = {2076682},
 publisher = {ACM},
 address = {New York, NY, USA},
 keywords = {incremental reasoning, program verification, proof system, trait},
} 

@inproceedings{Sheard:2002:TMH:581690.581691,
 author = {Sheard, Tim and Jones, Simon Peyton},
 title = {Template Meta-programming for Haskell},
 booktitle = {Proceedings of the 2002 ACM SIGPLAN Workshop on Haskell},
 series = {Haskell '02},
 year = {2002},
 isbn = {1-58113-605-6},
 pages = {1--16},
 numpages = {16},
 doi = {10.1145/581690.581691},
} 
