%conferences
@string{ecoop97="ECOOP'97 - Object-Oriented Programming"}
@string{ecoop98="ECOOP'98 - Object-Oriented Programming"}
@string{ecoop03="ECOOP'03 - Object-Oriented Programming"}
@string{ecoop07="ECOOP'07 - Object-Oriented Programming"}
@string{ecoop13="ECOOP'13 - Object-Oriented Programming"}
@string{esop01="ESOP'01 - European Symposium on Programming"}
@string{esop05="ESOP'05 - European Symposium on Programming"}
@string{ftfjp05="FTfJP'05 - Formal Techniques for Java-like Programs"}
@string{ftfjp13="FTfJP'13- Formal Techniques for Java-like Programs"}
@string{ictcs15="ICTCS'15 - Italian Conf. on Theoretical Computer Science"}
@string{ictcs16="ICTCS'16 - Italian Conf. on Theoretical Computer Science"}
@string{icfp14="Intl. Conf. on Functional Programming 2014"}
@string{lics02="Proc. IEEE Symp. on Logic in Computer Science 2002"}
@string{oops17="OOPS'17 - Object-Oriented Programming Languages and Systems,
                Track at SAC'17 - ACM Symp. on Applied Computing"}
@string{oopsla91="ACM Symp. on Object-Oriented Programming: Systems, Languages and Applications 1991"}
@string{oopsla98="ACM Symp. on Object-Oriented Programming: Systems, Languages and Applications 1998"}
@string{oopsla04="ACM SIGPLAN Conference on Object-Oriented Programming, Systems, Languages and Applications (OOPSLA 2004)"}
@string{oopsla05="ACM SIGPLAN Conference on Object-Oriented Programming, Systems, Languages and Applications (OOPSLA 2005)"}
@string{oopsla10="ACM SIGPLAN Conference on Object-Oriented Programming,Systems, Languages and Applications (OOPSLA 2010)"}
@string{oopsla11="ACM SIGPLAN Conference on Object-Oriented Programming,Systems, Languages and Applications (OOPSLA 2011)"}
@string{oopsla12="ACM SIGPLAN Conference on Object-Oriented Programming, Systems, Languages and Applications (OOPSLA 2012)"}
@string{pepm13 = "PEPM'13 - Partial Evaluation and Program Manipulation"}
@string{popl12="ACM Symp. on Principles of Programming Languages 2012"}

%journals
@string{entcs="Electronic Notes in Theoretical Computer Science"}
@string{jfp="Journ. of Functional Programming"}
@string{jot="Journal of Object Technology"}
@string{tcs="Theoretical Computer Science"}
@string{toplas="ACM Transactions on Programming Languages and Systems"}
@string{sigplan="SIGPLAN Notices"}

%publishers
@string{acm="ACM Press"}
@string{cup="Cambridge University Press"}
@string{ieee="IEEE Computer Society"}
@string{mit="The MIT Press"}
@string{sv="Springer"}

%series
@string{lncs="Lecture Notes in Computer Science"}

@inproceedings{AhrendtEtAl09,
  author    = {Wolfgang Ahrendt and
               Frank S. de Boer and
               Immo Grabe},
  title     = {Abstract Object Creation in Dynamic Logic},
  booktitle = {{FM} 2009: Formal Methods},
  year      = {2009},
  pages     = {612--627},
}

@inproceedings{cook,
 author = {Cook, William R. and Hill, Walter and Canning, Peter S.},
 title = {Inheritance is Not Subtyping},
 booktitle = {POPL '90},
 year = {1990}
}

@article{ryu16ThisType,
 author = {Ryu, Sukyoung},
 title = {ThisType for Object-Oriented Languages: From Theory to Practice},
 journal = {ACM Trans. Program. Lang. Syst.},
 issue_date = {May 2016},
 volume = {38},
 number = {3},
 month = apr,
 year = {2016}
}

@inproceedings{Saito:2009,
 author = {Saito, Chieri and Igarashi, Atsushi},
 title = {Matching ThisType to Subtyping},
 booktitle = {Proceedings of the 2009 ACM Symposium on Applied Computing},
 series = {SAC '09},
 year = {2009}
} 

@article{bruce_1994,
 title={A paradigmatic object-oriented programming language: Design, static typing and semantics},
 volume={4}, 
 number={2},
 journal={Journal of Functional Programming},
 publisher={Cambridge University Press},
 author={Bruce, Kim B.},
 year={1994}}

@inproceedings{Almeida97,
  author    = {Paulo S{\'{e}}rgio Almeida},
title     = {Balloon Types: Controlling Sharing of State in Data Types},
  booktitle = ecoop97,
  series = lncs,
   volume    = {1241},
 pages     = {32--59},
  year      = {1997},
  publisher =	 sv,
}

@ARTICLE{bruce96binary,
        AUTHOR = {K. Bruce and L. Cardelli and G. Castagna and
                  The~Hopkins~Object~Group and G. Leavens and B. Pierce},
        TITLE = {On Binary Methods},
        JOURNAL = {Theory and Practice of Object Systems},
        YEAR = {1996},
        VOLUME = {1},
        NUMBER = {3}
}

@Article{AriolaBlom02,
  title =	"Skew confluence and the lambda calculus with letrec",
  author =	"Z. M. Ariola and Stefan Blom",
  journal =	"Ann. Pure Appl. Logic",
  year = 	"2002",
  number =	"1-3",
  volume =	"117",
   pages =	"95--168",
}

@Article{AriolaFelleisen97,
author = "Zena M. Ariola and Matthias Felleisen",
title = "The Call-by-Need Lambda Calculus",
journal = jfp,
volume = 7,
number = 3,
pages = "265--301",
year = 1997,
}

@InProceedings{BirkaErnst04,
  Author =   {Adrian Birka and Michael D. Ernst},
  Booktitle =  oopsla04,
   Pages =  {35--49},
  Title =  {A practical type system and language for reference
                  immutability},
  Year =   2004
}

@book{Bloch08,
 author = {Bloch, Joshua},
 title = {Effective {J}ava (2Nd Edition) (The Java Series)},
 year = {2008},
 edition = {2},
 publisher = {Prentice Hall PTR},
} 

@article{Boyland01,
  author =      {John Boyland},
 title = {Alias Burying: Unique Variables Without Destructive Reads},
 journal = {Softw. Pract. Exper.},
 volume = {31},
 number = {6},
 month = may,
 year = {2001},
 pages = {533--553},
} 

@article{Boyland06,
  author    = {John Boyland},
  title     = {Why we should not add readonly to {J}ava (yet)},
  journal   = jot,
  volume    = {5},
  number    = {5},
  year      = {2006},
  pages     = {5-29},
 }

@article{Boyland10,
  author =      {John Boyland},
  title =       {Semantics of Fractional Permissions with Nesting},
  journal = toplas,
  volume = 32,
  number = 6,
  year = 2010
}


@article{CapriccioliEtAl15,
author = {Andrea Capriccioli and Marco Servetto and Elena Zucca},
title = {An imperative pure calculus},
  journal   = entcs,
  volume    = {322},
  pages     = {87--102},
  year      = {2016},
  booktitle=ictcs15,
}

@InProceedings{ClarkeWrigstad03,
   Author =   {David Clarke and Tobias Wrigstad},
  Booktitle =  ecoop03,
  Pages =  {176--200},
  Publisher =  sv,
  Series =   lncs,
  Title =  {External Uniqueness is Unique Enough},
  Volume =   2473,
  Year =   2003,
}

@inproceedings{ClarkeEtAl98,
  author    = {David G. Clarke and
               John Potter and
               James Noble},
  title     = {Ownership Types for Flexible Alias Protection},
  booktitle = oopsla98,
   publisher = acm,
  year      = {1998},
  pages     = {48--64},
}

@inproceedings{ClebschEtAl15,
  author    = {Sylvan Clebsch and
               Sophia Drossopoulou and
               Sebastian Blessing and
               Andy McNeil},
   editor    = {Elisa Gonzalez Boix and
               Philipp Haller and
               Alessandro Ricci and
               Carlos Varela},
title     = {Deny capabilities for safe, fast actors},
  booktitle = {International Workshop on Programming Based
               on Actors, Agents, and Decentralized Control, AGERE! 2015},
  pages     = {1--12},
  year      = {2015},
  publisher = acm,
}

@inproceedings{ClementsEtAl01,
  author    = {John Clements and
               Matthew Flatt and
               Matthias Felleisen},
  title     = {Modeling an Algebraic Stepper},
  booktitle = esop01,
  year      = {2001},
  pages     = {320--334},
}

@InProceedings{DietlEtAl07,
Author =   {Werner Dietl and Sophia Drossopoulou and Peter M{\"u}ller},
  Booktitle =  ecoop07,
  series = lncs,
  Publisher =  sv,
  Title =  {Generic Universe Types},
  Year =   2007,
    volume    = {4609},
pages     = {28-53},
}

@article{FelleisenFriedman89,
  author    = {Matthias Felleisen and
               Daniel P. Friedman},
  title     = {A Syntactic Theory of Sequential State},
  journal   = tcs,
  volume    = {69},
  number    = {3},
  year      = {1989},
  pages     = {243--287},
}

@article{FelleisenHieb92,
  author    = {Matthias Felleisen and
               Robert Hieb},
  title     = {The Revised Report on the Syntactic Theories of Sequential
               Control and State},
  journal   = tcs,
  volume    = {103},
  number    = {2},
  year      = {1992},
  pages     = {235--271},
}

@book{FelleisenEtAl09,
  author    = {Matthias Felleisen and
               Robert Bruce Findler and
               Matthew Flatt},
  title     = {Semantics Engineering with {PLT} Redex},
  publisher = mit,
  year      = {2009},
}

@inproceedings{GianniniEtAl16,
  author    = {Paola Giannini and
               Marco Servetto and
               Elena Zucca},
  title     = {Types for Immutability and Aliasing Control},
  booktitle = ictcs16,
  pages     = {62--74},
    series    = {{CEUR} Workshop Proceedings},
  volume    = {1720},
  publisher = {CEUR-WS.org},
    url       = {http://ceur-ws.org/Vol-1720/full5.pdf},
    year = 2016,
}

@inproceedings{GianniniEtAl17,
  author    = {Paola Giannini and
               Marco Servetto and
               Elena Zucca},
  title     = {A type and effect system for sharing},
  booktitle = oops17,
    year = 2017,
    note = {To appear}}

@inproceedings{GordonEtAl12,
  author    = {Colin S. Gordon and
               Matthew J. Parkinson and
               Jared Parsons and
               Aleks Bromfield and
               Joe Duffy},
 title     = {Uniqueness and reference immutability for safe parallelism},
 booktitle = oopsla12,
 year = {2012},
 pages = {21--40},
 publisher = acm,
 } 

@inproceedings{Hogg91,
 author = {John Hogg},
 title = {Islands: Aliasing Protection in Object-oriented Languages},
 booktitle = oopsla91,
 year = {1991},
  pages = {271--285},
 publisher = acm,
} 

@Article{IgarashiEtAl01,
 author = {Atsushi Igarashi and Benjamin C. Pierce and Philip Wadler},
 title = {Featherweight {J}ava: a minimal core calculus for {J}ava and {GJ}},
 journal = toplas,
  publisher = acm,
volume = {23},
 number = {3},
 year = {2001},
 pages = {396--450},
 }

@inproceedings{JeffreyRathke05,
  author    = {Alan Jeffrey and
               Julian Rathke},
  title     = {{J}ava {J}r: Fully Abstract Trace Semantics for a Core {J}ava
               Language},
year = {2005},
  booktitle = esop05,
  pages     = {423--438},
 }

@inproceedings{LiEtAl11,
 author = {Li, Paley and Cameron, Nicholas and Noble, James},
 title = {Cloning in Ownership},
 booktitle = oopsla11,
 year = {2011},
 pages = {63--66},
 publisher = acm,
} 

@book{Milner99,
  author    = {Robin Milner},
  title     = {Communicating and mobile systems - the Pi-calculus},
  publisher = cup,
  year      = {1999},
}

@inproceedings{NadenEtAl12,
  author    = {Karl Naden and
               Robert Bocchino and
               Jonathan Aldrich and
               Kevin Bierhoff},
 title     = {A type system for borrowing permissions},
 booktitle = popl12,
 year = {2012},
  pages = {557--570},
 publisher = acm,
} 

@inproceedings{NobleEtAl98,
 author = {James Noble and
               Jan Vitek and
               John Potter},
 title = {Flexible Alias Protection},
 booktitle = ecoop98,
 year = {1998},
 pages = {158--185},
 publisher = sv,
  editor    = {Eric Jul},
  series    = lncs,
  volume    = {1445},
 } 
 
@inproceedings{OstlundEtAl08,
  title={Ownership, uniqueness, and immutability},
  author={Johan {\"{O}}stlund and
               Tobias Wrigstad and
               Dave Clarke and
               Beatrice {\AA}kerblom},
  booktitle={International Conference on Objects, Components, Models and Patterns},
  pages={178--197},
  year={2008},
 editor    = {Richard F. Paige and
               Bertrand Meyer},
   series    = lncs,
  volume    = {11},
  publisher = sv,
 }

@inproceedings{PetricekEtAl14,
  author    = {Tomas Petricek and
               Dominic A. Orchard and
               Alan Mycroft},
  title     = {Coeffects: a calculus of context-dependent computation},
  booktitle = icfp14,
  pages     = {123--135},
  year      = {2014},
   editor    = {Johan Jeuring and
               Manuel M. T. Chakravarty},
  publisher = acm,
 }

@inproceedings{Reynolds02,
  author    = {John C. Reynolds},
  title     = {Separation Logic: {A} Logic for Shared Mutable Data Structures},
  booktitle = lics02,
  pages     = {55--74},
  year      = {2002},
  publisher = ieee,
 }

@inproceedings{ServettoLindsay13,
  title = {True small-step reduction for imperative object-oriented languages},
  author = {Marco Servetto and Lindsay Groves},
  year = {2013},
  booktitle = ftfjp13,
  pages     = {1:1--1:7},
  editor    = {Werner Dietl},
   publisher = acm,
}

@inproceedings{ServettoZucca15,
  author    = {Marco Servetto and
               Elena Zucca},
  title     = {Aliasing Control in an Imperative Pure Calculus},
  booktitle = {Programming Languages and Systems - 13th Asian Symposium (APLAS)},
  pages     = {208--228},
   editor    = {Xinyu Feng and
               Sungwoo Park},
  series    = lncs,
  volume    = {9458},
  publisher = sv,
  year      = {2015},
}

@inproceedings{ServettoEtAl13,
  author    = {Marco Servetto and
               Julian Mackay and
               Alex Potanin and
               James Noble},
  title     = {The Billion-Dollar Fix - Safe Modular Circular Initialisation
               with Placeholders and Placeholder Types},
booktitle = ecoop13,
  year      = {2013},
  pages     = {205--229},
  publisher = sv,
  series    = lncs,
  volume    = {7920},
 }

@InProceedings{Zenger-Odersky2005,
  author = 	 {Zenger, Mathhias and Odersky, Martin},
  title =        {Independently Extensible Solutions to the Expression Problem},
  booktitle =    {Foundations of Object-Oriented Languages (FOOL)},
  year =         2005,
  month =        jan,
}

@InProceedings{Traits:ECOOP2003,
  author = 	 {Nathanael Sch{\"a}rli and St{\'e}phane Ducasse and Oscar Nierstrasz and Andrew P. Black},
  title = 	 {Traits: Composable Units of Behaviour},
  booktitle =	 {ECOOP'03},
  year =	 {2003}
}

@Unpublished{EP,
  author = 	 {Philip Wadler},
  title = 	 {The Expression Problem},
  note = 	 {Note to {J}ava Genericity mailing list},
  OPTkey = 	 {},
  month = 	 {Nov.},
  year = 	 {1998},
  OPTannote = 	 {}
}

@inproceedings{ServettoEtAl13a,
author  = {Marco Servetto and David J. Pearce and Lindsay Groves and Alex Potanin},
title  =  {Balloon Types for Safe Parallelisation over Arbitrary Object Graphs},
Year  = {2013},
booktitle = {WODET 2014 - Workshop on Determinism and Correctness in Parallel Programming},
}

@inproceedings{TschantzErnst05,
   author = {Matthew S. Tschantz and Michael D. Ernst},
   title = {Javari: Adding reference immutability to {J}ava},
   booktitle = oopsla05,
   pages = {211--230},
    year = {2005},
     publisher = acm,
}

@inproceedings{ZibinEtAl10,
   author = {Yoav Zibin and Alex Potanin and Paley Li and Mahmood Ali and
	Michael D. Ernst},
   title = {Ownership and immutability in generic {J}ava},
   booktitle = oopsla10,
   pages = {598--617},
   year = {2010},
   
}







@article{LaLonde:1991:SSS:110673.110679,
 author = {LaLonde, Wilf and Pugh, John},
 title = {Smalltalk: Subclassing Subtyping  Is-a},
 journal = {J. Object Oriented Program.},
 issue_date = {Jan. 1991},
 volume = {3},
 number = {5},
 month = jan,
 year = {1991},
 issn = {0896-8438},
 pages = {57--62},
 numpages = {6},
 acmid = {110679},
 publisher = {SIGS Publications},
 address = {Denville, NJ, USA},
} 


@article{martin2000design,
  title={Design principles and design patterns},
  author={Martin, Robert C},
  journal={Object Mentor},
  volume={1},
  number={34},
  year={2000}
}

@article{ducasse2006traits,
  title={Traits: A mechanism for fine-grained reuse},
  author={Ducasse, St{\'e}phane and Nierstrasz, Oscar and Sch{\"a}rli, Nathanael and Wuyts, Roel and Black, Andrew P},
  journal={ACM Transactions on Programming Languages and Systems (TOPLAS)},
  volume={28},
  number={2},
  pages={331--388},
  year={2006},
  publisher={ACM}
}


@article{igarashi2001featherweight,
  title={Featherweight Java: a minimal core calculus for Java and GJ},
  author={Igarashi, Atsushi and Pierce, Benjamin C and Wadler, Philip},
  journal={ACM Transactions on Programming Languages and Systems (TOPLAS)},
  volume={23},
  number={3},
  pages={396--450},
  year={2001},
  publisher={ACM}
}

@inproceedings{bawden1999quasiquotation,
  title={Quasiquotation in Lisp.},
  author={Bawden, Alan and others},
  booktitle={PEPM'99},
  year={1999}
}

@article{ancona2002calculus,
  title={A calculus of module systems},
  author={Ancona, Davide and Zucca, Elena},
  journal={Journal of functional programming},
  volume={12},
  number={02},
  pages={91--132},
  year={2002},
  publisher={Cambridge Univ Press}
}

@inproceedings{wang2016classless,
  title={Classless Java},
  author={Wang, Yanlin and Zhang, Haoyuan and Oliveira, Bruno C d S and Servetto, Marco},
  booktitle={GPCE'16},
  year={2016}
}

@article{wadler1998expression,
  title={The expression problem},
  author={Wadler, Philip},
  journal={Java-genericity mailing list},
  year={1998}
}



@article{ernst2004expression,
  title={The expression problem, Scandinavian style},
  author={Ernst, Erik},
  journal={ON MECHANISMS FOR SPECIALIZATION},
  pages={27},
  year={2004}
}

@techreport{zenger2004independently,
  title={Independently extensible solutions to the expression problem},
  author={Zenger, Matthias and Odersky, Martin},
  year={2004}
}

@book{odersky2008programming,
  title={Programming in scala},
  author={Odersky, Martin and Spoon, Lex and Venners, Bill},
  year={2008},
  publisher={Artima Inc}
}

@inproceedings{nystrom2006j,
 author = {Nystrom, Nathaniel and Qi, Xin and Myers, Andrew C.},
 title = {J\&Amp;: Nested Intersection for Scalable Software Composition},
 booktitle = {OOPSLA '06},
 year = {2006}
} 

@inproceedings{igarashi2005lightweight,
  title={Lightweight family polymorphism},
  author={Igarashi, Atsushi and Saito, Chieri and Viroli, Mirko},
  booktitle={Asian Symposium on Programming Languages and Systems},
  pages={161--177},
  year={2005},
  organization={Springer}
}

@article{servetto2014meta,
  title={A meta-circular language for active libraries},
  author={Servetto, Marco and Zucca, Elena},
  journal={Science of Computer Programming},
  volume={95},
  pages={219--253},
  year={2014},
  publisher={Elsevier}
}


@article{deep,
  author    = {Andrea Corradi and
               Marco Servetto and
               Elena Zucca},
  title     = {DeepFJig - Modular composition of nested classes},
  journal   = {Journal of Object Technology},
  volume    = {11},
  number    = {2},
  pages     = {1: 1--42},
  year      = {2012},
  url       = {http://dx.doi.org/10.5381/jot.2012.11.2.a1},
  doi       = {10.5381/jot.2012.11.2.a1}}

@article{fjig,
  author    = {Giovanni Lagorio and
               Marco Servetto and
               Elena Zucca},
  title     = {Featherweight Jigsaw - Replacing inheritance by composition in Java-like
               languages},
  journal   = {Inf. Comput.},
  volume    = {214},
  pages     = {86--111},
  year      = {2012},
  doi       = {10.1016/j.ic.2012.02.004}}

%---------------




@article{Bettini2015282,
title = "Implementing type-safe software product lines using parametric traits ",
journal = "Science of Computer Programming ",
volume = "97, Part 3",
number = "",
pages = "282 - 308",
year = "2015",
author = "Lorenzo Bettini and Ferruccio Damiani and Ina Schaefer"}


@article{BETTINI2013521,
title = "TraitRecordJ: A programming language with traits and records",
journal = "Science of Computer Programming",
volume = "78",
number = "5",
pages = "521 - 541",
year = "2013",
author = "Lorenzo Bettini and Ferruccio Damiani and Ina Schaefer and Fabio Strocco"
}

@inproceedings{Bettini:2010:ISP:1774088.1774530,
 author = {Bettini, Lorenzo and Damiani, Ferruccio and Schaefer, Ina},
 title = {Implementing Software Product Lines Using Traits},
 booktitle = {SAC '10},
 year = {2010}
} 


%--------------


@article{KrogdahlMS09,
  author    = {Stein Krogdahl and
               Birger M{\o}ller{-}Pedersen and
               Fredrik S{\o}rensen},
  title     = {Exploring the Use of Package Templates for Flexible Re-use of Collections
               of Related Classes},
  journal   = {Journal of Object Technology},
  volume    = {8},
  number    = {7},
  pages     = {59--85},
  year      = {2009}
}


@article{DBLP:journals/taosd/AxelsenSKM12,
  author    = {Eyvind W. Axelsen and
               Fredrik S{\o}rensen and
               Stein Krogdahl and
               Birger M{\o}ller{-}Pedersen},
  title     = {Challenges in the Design of the Package Template Mechanism},
  journal   = {Trans. Aspect-Oriented Software Development},
  volume    = {9},
  pages     = {268--305},
  year      = {2012}
}



@inproceedings{DBLP:conf/gpce/AxelsenK12,
  author    = {Eyvind W. Axelsen and
               Stein Krogdahl},
  title     = {Package templates: a definition by semantics-preserving source-to-source
               transformations to efficient Java code},
  booktitle = {GPCE'12},
  year      = {2012}
  }

  
  @Inbook{Bergel2007,
author="Bergel, Alexandre
and Ducasse, St{\'e}phane
and Nierstrasz, Oscar
and Wuyts, Roel",
editor="De Meuter, Wolfgang",
title="Stateful Traits",
bookTitle="Advances in Smalltalk: 14th International Smalltalk Conference, ISC 2006, Prague, Czech Republic, September 4-8, 2006, Revised Selected Papers",
year="2007",
publisher="Springer Berlin Heidelberg",
address="Berlin, Heidelberg",
pages="66--90",
isbn="978-3-540-71836-9",
doi="10.1007/978-3-540-71836-9_4"
}
